@Book{milewski2019category,
 author = {Milewski, Bartosz},
 title = {Category theory for programmers},
 publisher = {Bartosz Milewski},
 year = {2019},
 isbn = {9780464243878}
 }
 @Book{scalacats2017,
 author = {Welsh, Gurnell},
 title = {Scala with Cats},
 publisher = {Bartosz Milewski},
 year = {2017},
 howpublished = {\url{https://github.com/scalawithcats/scala-with-cats}}
 }
 @Book{blackheath2016functional,
 author = {Blackheath, Stephen},
 title = {Functional reactive programming},
 publisher = {Manning Publications Co},
 year = {2016},
 address = {Shelter Island, NY},
 isbn = {9781633430105}
 }
  @misc{wiki:functional,
   author = "HaskellWiki",
   title = "Functional programming --- HaskellWiki{,} ",
   year = "2020",
   url = "https://wiki.haskell.org/index.php?title=Functional_programming&oldid=63198",
   note = "[Online; accessed 31-May-2021]"
 }

 @Book{alexander2017functional,
  author = {Alexander, Alvin},
  title = {Functional programming, simplified : simple, step-by-step approach to learning functional programming},
  publisher = {Alvin Alexander},
  year = {2017},
  address = {Boulder, Colo},
  isbn = {1979788782}
 }